
@misc {MEA_EcosystemsAndHumanWellBeing:Synthesis,
	title 			=	{Ecosystems and Human Well-being: Synthesis},
	organization 	=	{Millennium Ecosystem Assessment},
	year 			= 	"2005",
	publisher 		= 	{Island Press},
	address 		=	{Island Press, Washington, DC}
}

@misc {
	Ecosystem_goods_and_services, 
	title = {Ecosystem goods and services - Environment policy and protection of the environment}, 
	author = {}, organization = {European Union Bookshop}, 
	howpublished = {\url{http://bookshop.europa.eu/en/ecosystem-goods-and-services-pbKH7809554/}}, 
	note = "Online; accessed 2016-04-17"
	}

@misc {LeAlpi,
	title = {Le Alpi - Le conseguenze dei cambiamenti climatici in Europa },
	howpublished ={\url{http://www.eea.europa.eu/it/articles/le-alpi/}},
	note = "Online; accessed 2016-04-19"
	}
	
